@Misc{numpy,
  author={Eric Jones and Travis Oliphant and Pearu Peterson and others},
  title={{SciPy}: Open source scientific tools for {Python}},
  year={2001--},
  url={http://www.scipy.org/}
}

@article{matplotlib, 
  author={John Hunter}, 
  journal={Computing in Science Engineering}, 
  title={Matplotlib: A 2D Graphics Environment}, 
  year={2007}, 
  volume={9}, 
  number={3}, 
  pages={90-95}, 
keywords={computer graphics;mathematics computing;object-oriented programming;software packages;2D graphics package;Matplotlib;Python;application development;interactive scripting;operating system;publication-quality image generation;user interface;Computer languages;Equations;Graphical user interfaces;Graphics;Image generation;Interpolation;Operating systems;Packaging;Programming profession;User interfaces;Python;application development;scientific programming;scripting languages}, 
  doi={10.1109/MCSE.2007.55}, 
  url={https://matplotlib.org/}
  ISSN={1521-9615}, 
  month={May},
}

@article{scikit-learn,
 title={Scikit-learn: Machine Learning in {P}ython},
 author={Pedregosa, F. and Varoquaux, G. and Gramfort, A. and Michel, V.
         and Thirion, B. and Grisel, O. and Blondel, M. and Prettenhofer, P.
         and Weiss, R. and Dubourg, V. and Vanderplas, J. and Passos, A. and
         Cournapeau, D. and Brucher, M. and Perrot, M. and Duchesnay, E.},
 journal={Journal of Machine Learning Research},
 volume={12},
 pages={2825--2830},
 year={2011},
 url={http://scikit-learn.org}
}

@InProceedings{CMU_arctic,
  Title={The CMU Arctic speech databases},
  Author={John Kominek and Alan Black},
  Booktitle={Fifth ISCA Workshop on Speech Synthesis},
  Year={2004},
}

@misc{sptk,
  title={Speech signal processing toolkit (SPTK)},
  author={SPTK Working Group and others},
  url={http://sp-tk.sourceforge.net},
  year={2006--}
}

@inproceedings{hts,
  title={The HMM-based speech synthesis system (HTS) version 2.0.},
  author={Zen, Heiga and Nose, Takashi and Yamagishi, Junichi and Sako, Shinji and Masuko, Takashi and Black, Alan W and Tokuda, Keiichi},
  booktitle={SSW},
  pages={294--299},
  year={2007}
}
